<record><leader>00000cas a22000007a 4500</leader><controlfield tag="001">13994578</controlfield><controlfield tag="008">860731d19171924iauwr ne      0    0eng d</controlfield><datafield ind1=" " ind2=" " tag="010"><subfield code="a">sn 86060146 </subfield></datafield><datafield ind1=" " ind2=" " tag="040"><subfield code="a">INP</subfield><subfield code="b">eng</subfield><subfield code="c">INP</subfield><subfield code="d">OCLCQ</subfield></datafield><datafield ind1=" " ind2=" " tag="042"><subfield code="a">msc</subfield></datafield><datafield ind1="0" ind2="4" tag="245"><subfield code="a">The Mid-week review.</subfield></datafield><datafield ind1=" " ind2=" " tag="260"><subfield code="a">Hubbard, Iowa :</subfield><subfield code="b">Paul D. Ratliff,</subfield><subfield code="c">1917-1924.</subfield></datafield><datafield ind1=" " ind2=" " tag="300"><subfield code="a">v. :</subfield><subfield code="b">ill. ;</subfield><subfield code="c">56 cm.</subfield></datafield><datafield ind1=" " ind2=" " tag="310"><subfield code="a">Weekly</subfield></datafield><datafield ind1="0" ind2=" " tag="362"><subfield code="a">Vol. 1, no. 1 (Feb. 28, 1917)-v. 45, no. 2 (Feb. 27, 1924).</subfield></datafield><datafield ind1=" " ind2=" " tag="500"><subfield code="a">Publisher varies.</subfield></datafield><datafield ind1=" " ind2=" " tag="500"><subfield code="a">Includes separately numbered sections called: New Providence news, v. 1, no. 1 (Oct. 3, 1917); New Providence review, v. 1, no. 2 (Oct. 17, 1917)--v. 1 no. 26 (May 22, 1918) (issues repeated in numbering and dating); Buckeye review, v. 1, no. 1 (Dec. 12, 1917)-v. 1, no. 14 (Mar. 20, 1918).</subfield></datafield><datafield ind1=" " ind2=" " tag="500"><subfield code="a">"Independent in politics," Mar. 13, 1918-</subfield></datafield><datafield ind1=" " ind2=" " tag="500"><subfield code="a">Edited successively by: T.C. Dool, Paul D. Ratliff.</subfield></datafield><datafield ind1=" " ind2=" " tag="515"><subfield code="a">Numbering is irregular.</subfield></datafield><datafield ind1=" " ind2=" " tag="752"><subfield code="a">United States</subfield><subfield code="b">Iowa</subfield><subfield code="c">Hardin</subfield><subfield code="d">Hubbard.</subfield></datafield><datafield ind1=" " ind2=" " tag="752"><subfield code="a">United States</subfield><subfield code="b">Iowa</subfield><subfield code="c">Hardin</subfield><subfield code="d">New Providence.</subfield></datafield><datafield ind1=" " ind2=" " tag="752"><subfield code="a">United States</subfield><subfield code="b">Iowa</subfield><subfield code="c">Hardin</subfield><subfield code="d">Buckeye.</subfield></datafield><datafield ind1="0" ind2="0" tag="785"><subfield code="t">Hubbard review</subfield><subfield code="w">(DLC)sn 86060147</subfield></datafield><datafield ind1="1" ind2=" " tag="787"><subfield code="t">New Providence news</subfield></datafield><datafield ind1="1" ind2=" " tag="787"><subfield code="t">New Providence review</subfield></datafield><datafield ind1="1" ind2=" " tag="787"><subfield code="t">Buckeye review</subfield></datafield><datafield ind1="1" ind2=" " tag="029"><subfield code="a">AU@</subfield><subfield code="b">000025809204</subfield></datafield></record>